<?xml version="1.0" encoding="UTF-8"?><record xmlns="http://www.loc.gov/MARC21/slim" xmlns:cinclude="http://apache.org/cocoon/include/1.0" xmlns:zs="http://www.loc.gov/zing/srw/">
  <leader>00788cz  a2200205n  4500</leader>
  <controlfield tag="001">n  93064744 </controlfield>
  <controlfield tag="003">DLC</controlfield>
  <controlfield tag="005">19940418091124.0</controlfield>
  <controlfield tag="008">930708n| acaaaaaa|          |a ana |||  </controlfield>
  <datafield tag="010" ind1=" " ind2=" ">
    <subfield code="a">n  93064744 </subfield>
  </datafield>
  <datafield tag="040" ind1=" " ind2=" ">
    <subfield code="a">DLC</subfield>
    <subfield code="c">DLC</subfield>
    <subfield code="d">DLC</subfield>
  </datafield>
  <datafield tag="130" ind1=" " ind2="0">
    <subfield code="a">University of Lapland publications in law.</subfield>
    <subfield code="n">Series B</subfield>
  </datafield>
  <datafield tag="430" ind1=" " ind2="0">
    <subfield code="a">Lapin yliopiston oikeustieteellisiaĚ julkaisuja.</subfield>
    <subfield code="n">Sarja B</subfield>
  </datafield>
  <datafield tag="410" ind1="2" ind2="0">
    <subfield code="a">Lapin yliopisto.</subfield>
    <subfield code="t">University of Lapland publications in law.</subfield>
    <subfield code="n">Series B</subfield>
  </datafield>
  <datafield tag="642" ind1=" " ind2=" ">
    <subfield code="a">20</subfield>
    <subfield code="5">DLC</subfield>
  </datafield>
  <datafield tag="643" ind1=" " ind2=" ">
    <subfield code="a">Rovaniemi</subfield>
    <subfield code="b">University of Lapland, Faculty of Law</subfield>
  </datafield>
  <datafield tag="644" ind1=" " ind2=" ">
    <subfield code="a">f</subfield>
    <subfield code="5">DLC</subfield>
  </datafield>
  <datafield tag="645" ind1=" " ind2=" ">
    <subfield code="a">t</subfield>
    <subfield code="5">DLC</subfield>
  </datafield>
  <datafield tag="646" ind1=" " ind2=" ">
    <subfield code="a">s</subfield>
    <subfield code="5">DLC</subfield>
  </datafield>
  <datafield tag="670" ind1=" " ind2=" ">
    <subfield code="a">International legal problems in the peaceful ... 1992:</subfield>
    <subfield code="b">t.p. (Lapin yliopiston oikeustieteellisiaĚ julkaisuja. Sarja B = University of Lapland publications in law. Series B)</subfield>
  </datafield>
</record>